<?xml version="1.0" encoding="UTF-8"?><collection xmlns="http://www.loc.gov/MARC21/slim"><record><leader>00393nam--2200145-i-4500</leader><controlfield tag="001">000011958</controlfield><controlfield tag="002">20161230</controlfield><controlfield tag="005">20161230201029</controlfield><controlfield tag="008">060222s1000------------r-----000-0-eng-d</controlfield><datafield ind1=" " ind2=" " tag="080"><subfield code="a">547:542</subfield></datafield><datafield ind1=" " ind2=" " tag="100"><subfield code="a">Banciu, Mircea</subfield></datafield><datafield ind1=" " ind2=" " tag="245"><subfield code="a">Tehnica experimentala in chimia organica</subfield></datafield><datafield ind1=" " ind2=" " tag="260"><subfield code="a">Bucuresti, Ed.Stiintifica Si Enciclopedica, 1977. 681 P</subfield></datafield><datafield ind1=" " ind2=" " tag="852"><subfield code="a">44297</subfield></datafield><datafield ind1=" " ind2=" " tag="CAT"><subfield code="a">Sys</subfield><subfield code="c">20140407</subfield><subfield code="h">144809</subfield></datafield></record></collection>